@INPROCEEDINGS{Olson:2010,
author={E. Olson},
booktitle={IEEE/RSJ International Conference on Intelligent Robots and Systems},
title={A passive solution to the sensor synchronization problem},
year={2010},
volume={},
number={},
pages={1059-1064},
month={Oct}
}

@ARTICLE{PTP:2008,
author={},
journal={IEEE Std 1588-2008 (Revision of IEEE Std 1588-2002)},
title={{IEEE Standard for a Precision Clock Synchronization Protocol for Networked Measurement and Control Systems}},
year={2008},
volume={},
number={},
pages={1-300},
month={July}
}

@ARTICLE{Mills:1991,
author={D. L. Mills},
journal={IEEE Transactions on Communications},
title={{Internet time synchronization: the network time protocol}},
year={1991},
volume={39},
number={10},
pages={1482-1493},
month={Oct}
}